%% This BibTeX bibliography file was created using BibDesk.
%% https://bibdesk.sourceforge.io/

%% Created for Kevin Dre√üler at 2019-06-13 12:12:02 +0200 


%% Saved with string encoding Unicode (UTF-8) 



@article{chen:c2012a,
	Author = {Tianshi Chen and Ke Tang and Guoliang Chen and Xin Yao},
	Date-Added = {2019-06-13 12:09:46 +0200},
	Date-Modified = {2019-06-13 12:10:37 +0200},
	Journal = {CoRR},
	Keywords = {evolutionary algorithm},
	Title = {A Large Population Size Can Be Unhelpful in Evolutionary Algorithms},
	Url = {https://dblp.org/rec/journals/corr/abs-1208-2345},
	Volume = {abs/1208.2345},
	Year = {2012},
	Bdsk-Url-1 = {https://dblp.org/rec/journals/corr/abs-1208-2345},
	Bdsk-Url-2 = {http://arxiv.org/abs/1208.2345},
	Bdsk-File-1 = {YnBsaXN0MDDSAQIDBFxyZWxhdGl2ZVBhdGhZYWxpYXNEYXRhXxChLi4vLi4vLi4vTGlicmFyeS9Nb2JpbGUgRG9jdW1lbnRzL2NvbX5hcHBsZX5DbG91ZERvY3MvUERGIExpYi9QYXBlcnMvQ2hlbi9DaGVuIChDMjAxMmEpIC0gQSBMYXJnZSBQb3B1bGF0aW9uIFNpemUgQ2FuIEJlIFVuaGVscGZ1bCBpbiBFdm9sdXRpb25hcnkgQWxnb3JpdGhtcy5wZGZPEQLCAAAAAALCAAIAAAZTeXN0ZW0AAAAAAAAAAAAAAAAAAAAAAAAAAAAAAAAAQkQAAf////8fQ2hlbiAoQzIwMTJhKSAtIEEgI0ZGRkZGRkZGLnBkZgAAAAAAAAAAAAAAAAAAAAAAAAAAAAAAAAAAAAAAAAAA/////wAAAAAAAAAAAAAAAAADAAcAAAogY3UAAAAAAAAAAAAAAAAABENoZW4AAgCkLzpVc2Vyczprdm46TGlicmFyeTpNb2JpbGUgRG9jdW1lbnRzOmNvbX5hcHBsZX5DbG91ZERvY3M6UERGIExpYjpQYXBlcnM6Q2hlbjpDaGVuIChDMjAxMmEpIC0gQSBMYXJnZSBQb3B1bGF0aW9uIFNpemUgQ2FuIEJlIFVuaGVscGZ1bCBpbiBFdm9sdXRpb25hcnkgQWxnb3JpdGhtcy5wZGYADgCwAFcAQwBoAGUAbgAgACgAQwAyADAAMQAyAGEAKQAgAC0AIABBACAATABhAHIAZwBlACAAUABvAHAAdQBsAGEAdABpAG8AbgAgAFMAaQB6AGUAIABDAGEAbgAgAEIAZQAgAFUAbgBoAGUAbABwAGYAdQBsACAAaQBuACAARQB2AG8AbAB1AHQAaQBvAG4AYQByAHkAIABBAGwAZwBvAHIAaQB0AGgAbQBzAC4AcABkAGYADwAOAAYAUwB5AHMAdABlAG0AEgCiVXNlcnMva3ZuL0xpYnJhcnkvTW9iaWxlIERvY3VtZW50cy9jb21+YXBwbGV+Q2xvdWREb2NzL1BERiBMaWIvUGFwZXJzL0NoZW4vQ2hlbiAoQzIwMTJhKSAtIEEgTGFyZ2UgUG9wdWxhdGlvbiBTaXplIENhbiBCZSBVbmhlbHBmdWwgaW4gRXZvbHV0aW9uYXJ5IEFsZ29yaXRobXMucGRmABMAAS8AABUAAgAK//8AAAAIAA0AGgAkAMgAAAAAAAACAQAAAAAAAAAFAAAAAAAAAAAAAAAAAAADjg==}}

@inproceedings{graff:2016a,
	Author = {M. {Graff} and E. S. {Tellez} and S. {Miranda-Jim{\'e}nez} and H. J. {Escalante}},
	Booktitle = {2016 IEEE International Autumn Meeting on Power, Electronics and Computing (ROPEC)},
	Date-Added = {2019-06-12 13:01:48 +0200},
	Date-Modified = {2019-06-12 16:00:43 +0200},
	Doi = {10.1109/ROPEC.2016.7830633},
	Keywords = {genetic programming},
	Month = {Nov},
	Pages = {1-6},
	Title = {EvoDAG: A semantic Genetic Programming Python library},
	Year = {2016},
	Bdsk-File-1 = {YnBsaXN0MDDSAQIDBFxyZWxhdGl2ZVBhdGhZYWxpYXNEYXRhXxCTLi4vLi4vLi4vTGlicmFyeS9Nb2JpbGUgRG9jdW1lbnRzL2NvbX5hcHBsZX5DbG91ZERvY3MvUERGIExpYi9QYXBlcnMvR3JhZmYvR3JhZmYgKDIwMTZhKSAtIEV2b0RBRyBBIHNlbWFudGljIEdlbmV0aWMgUHJvZ3JhbW1pbmcgUHl0aG9uIGxpYnJhcnkucGRmTxECigAAAAACigACAAAGU3lzdGVtAAAAAAAAAAAAAAAAAAAAAAAAAAAAAAAAAEJEAAH/////H0dyYWZmICgyMDE2YSkgLSBFdiNGRkZGRkZGRi5wZGYAAAAAAAAAAAAAAAAAAAAAAAAAAAAAAAAAAAAAAAAAAP////8AAAAAAAAAAAAAAAAAAwAHAAAKIGN1AAAAAAAAAAAAAAAAAAVHcmFmZgAAAgCWLzpVc2Vyczprdm46TGlicmFyeTpNb2JpbGUgRG9jdW1lbnRzOmNvbX5hcHBsZX5DbG91ZERvY3M6UERGIExpYjpQYXBlcnM6R3JhZmY6R3JhZmYgKDIwMTZhKSAtIEV2b0RBRyBBIHNlbWFudGljIEdlbmV0aWMgUHJvZ3JhbW1pbmcgUHl0aG9uIGxpYnJhcnkucGRmAA4AkgBIAEcAcgBhAGYAZgAgACgAMgAwADEANgBhACkAIAAtACAARQB2AG8ARABBAEcAIABBACAAcwBlAG0AYQBuAHQAaQBjACAARwBlAG4AZQB0AGkAYwAgAFAAcgBvAGcAcgBhAG0AbQBpAG4AZwAgAFAAeQB0AGgAbwBuACAAbABpAGIAcgBhAHIAeQAuAHAAZABmAA8ADgAGAFMAeQBzAHQAZQBtABIAlFVzZXJzL2t2bi9MaWJyYXJ5L01vYmlsZSBEb2N1bWVudHMvY29tfmFwcGxlfkNsb3VkRG9jcy9QREYgTGliL1BhcGVycy9HcmFmZi9HcmFmZiAoMjAxNmEpIC0gRXZvREFHIEEgc2VtYW50aWMgR2VuZXRpYyBQcm9ncmFtbWluZyBQeXRob24gbGlicmFyeS5wZGYAEwABLwAAFQACAAr//wAAAAgADQAaACQAugAAAAAAAAIBAAAAAAAAAAUAAAAAAAAAAAAAAAAAAANI},
	Bdsk-Url-1 = {https://doi.org/10.1109/ROPEC.2016.7830633}}

@inproceedings{kvasnieka:1998a,
	Abstract = {Simple implementation of genetic programming by making use of the column tables is discussed. Implementations of Koza's genetic programming in compiled languages are usually not most efficient when crossover is applied. If chromosomes are directed acyclic graphs, more efficient than rooted trees both in memory requirement as well as in evaluation time of chromosome, then crossover requires traversing the data structures and their preliminary analysis. Column tables inherently code directed acyclic graphs, the implementation of crossover is simple and needs neither traversing nor checking of integrity of resulting data structures and should be therefore more efficient. Stochastic transformation operation mutation is also easily defined. Column tables can represent graphs with several output nodes and may be used e.g. for optimization of feed-forward neural networks. Simple illustrative examples of symbolic regression based on the column tables are presented.},
	Address = {London},
	Author = {Kvasni{\`e}ka, Vladim{\'\i}r and Posp{\'\i}chal, Ji{\o}{\'\i}},
	Booktitle = {Soft Computing in Engineering Design and Manufacturing},
	Date-Added = {2019-06-12 12:50:38 +0200},
	Date-Modified = {2019-06-12 16:00:50 +0200},
	Editor = {Chawdhry, P. K. and Roy, R. and Pant, R. K.},
	Isbn = {978-1-4471-0427-8},
	Keywords = {genetic programming},
	Pages = {48--56},
	Publisher = {Springer London},
	Title = {Simple Implementation of Genetic Programming by Column Tables},
	Year = {1998},
	Bdsk-File-1 = {YnBsaXN0MDDSAQIDBFxyZWxhdGl2ZVBhdGhZYWxpYXNEYXRhbxCmAC4ALgAvAC4ALgAvAC4ALgAvAEwAaQBiAHIAYQByAHkALwBNAG8AYgBpAGwAZQAgAEQAbwBjAHUAbQBlAG4AdABzAC8AYwBvAG0AfgBhAHAAcABsAGUAfgBDAGwAbwB1AGQARABvAGMAcwAvAFAARABGACAATABpAGIALwBQAGEAcABlAHIAcwAvAEsAdgBhAHMAbgBpAGUDAABrAGEALwBLAHYAYQBzAG4AaQBlAwAAawBhACAAKAAxADkAOQA4AGEAKQAgAC0AIABTAGkAbQBwAGwAZQAgAEkAbQBwAGwAZQBtAGUAbgB0AGEAdABpAG8AbgAgAG8AZgAgAEcAZQBuAGUAdABpAGMAIABQAHIAbwBnAHIAYQBtAG0AaQBuAGcAIABiAHkAIABDAG8AbAB1AG0AbgAgAFQAYQBiAGwAZQBzAC4AcABkAGZPEQLWAAAAAALWAAIAAAZTeXN0ZW0AAAAAAAAAAAAAAAAAAAAAAAAAAAAAAAAAQkQAAf////8fS3Zhc25pj2thICgxOTk4YSkgI0ZGRkZGRkZGLnBkZgAAAAAAAAAAAAAAAAAAAAAAAAAAAAAAAAAAAAAAAAAA/////wAAAAAAAAAAAAAAAAADAAcAAAogY3UAAAAAAAAAAAAAAAAACUt2YXNuaY9rYQAAAgCrLzpVc2Vyczprdm46TGlicmFyeTpNb2JpbGUgRG9jdW1lbnRzOmNvbX5hcHBsZX5DbG91ZERvY3M6UERGIExpYjpQYXBlcnM6S3Zhc25pZcyAa2E6S3Zhc25pZcyAa2EgKDE5OThhKSAtIFNpbXBsZSBJbXBsZW1lbnRhdGlvbiBvZiBHZW5ldGljIFByb2dyYW1taW5nIGJ5IENvbHVtbiBUYWJsZXMucGRmAAAOAK4AVgBLAHYAYQBzAG4AaQBlAwAAawBhACAAKAAxADkAOQA4AGEAKQAgAC0AIABTAGkAbQBwAGwAZQAgAEkAbQBwAGwAZQBtAGUAbgB0AGEAdABpAG8AbgAgAG8AZgAgAEcAZQBuAGUAdABpAGMAIABQAHIAbwBnAHIAYQBtAG0AaQBuAGcAIABiAHkAIABDAG8AbAB1AG0AbgAgAFQAYQBiAGwAZQBzAC4AcABkAGYADwAOAAYAUwB5AHMAdABlAG0AEgCpVXNlcnMva3ZuL0xpYnJhcnkvTW9iaWxlIERvY3VtZW50cy9jb21+YXBwbGV+Q2xvdWREb2NzL1BERiBMaWIvUGFwZXJzL0t2YXNuaWXMgGthL0t2YXNuaWXMgGthICgxOTk4YSkgLSBTaW1wbGUgSW1wbGVtZW50YXRpb24gb2YgR2VuZXRpYyBQcm9ncmFtbWluZyBieSBDb2x1bW4gVGFibGVzLnBkZgAAEwABLwAAFQACAAr//wAAAAgADQAaACQBcwAAAAAAAAIBAAAAAAAAAAUAAAAAAAAAAAAAAAAAAARN}}

@inproceedings{spears:1991a,
	Author = {William M. Spears and Vic Anand},
	Booktitle = {{ISMIS}},
	Date-Added = {2019-06-12 12:34:19 +0200},
	Date-Modified = {2019-06-12 13:02:31 +0200},
	Doi = {10.1007/3-540-54563-8_104},
	Keywords = {evolutionary algorithm;genetic programming;crossover operator},
	Pages = {409--418},
	Publisher = {Springer},
	Series = {Lecture Notes in Computer Science},
	Title = {A Study of Crossover Operators in Genetic Programming},
	Url = {https://dblp.org/rec/conf/ismis/SpearsA91},
	Volume = {542},
	Year = {1991},
	Bdsk-File-1 = {YnBsaXN0MDDSAQIDBFxyZWxhdGl2ZVBhdGhZYWxpYXNEYXRhXxCWLi4vLi4vLi4vTGlicmFyeS9Nb2JpbGUgRG9jdW1lbnRzL2NvbX5hcHBsZX5DbG91ZERvY3MvUERGIExpYi9QYXBlcnMvU3BlYXJzL1NwZWFycyAoMTk5MWEpIC0gQSBTdHVkeSBvZiBDcm9zc292ZXIgT3BlcmF0b3JzIGluIEdlbmV0aWMgUHJvZ3JhbW1pbmcucGRmTxEClgAAAAAClgACAAAGU3lzdGVtAAAAAAAAAAAAAAAAAAAAAAAAAAAAAAAAAEJEAAH/////H1NwZWFycyAoMTk5MWEpIC0gQSNGRkZGRkZGRi5wZGYAAAAAAAAAAAAAAAAAAAAAAAAAAAAAAAAAAAAAAAAAAP////8AAAAAAAAAAAAAAAAAAwAHAAAKIGN1AAAAAAAAAAAAAAAAAAZTcGVhcnMAAgCZLzpVc2Vyczprdm46TGlicmFyeTpNb2JpbGUgRG9jdW1lbnRzOmNvbX5hcHBsZX5DbG91ZERvY3M6UERGIExpYjpQYXBlcnM6U3BlYXJzOlNwZWFycyAoMTk5MWEpIC0gQSBTdHVkeSBvZiBDcm9zc292ZXIgT3BlcmF0b3JzIGluIEdlbmV0aWMgUHJvZ3JhbW1pbmcucGRmAAAOAJYASgBTAHAAZQBhAHIAcwAgACgAMQA5ADkAMQBhACkAIAAtACAAQQAgAFMAdAB1AGQAeQAgAG8AZgAgAEMAcgBvAHMAcwBvAHYAZQByACAATwBwAGUAcgBhAHQAbwByAHMAIABpAG4AIABHAGUAbgBlAHQAaQBjACAAUAByAG8AZwByAGEAbQBtAGkAbgBnAC4AcABkAGYADwAOAAYAUwB5AHMAdABlAG0AEgCXVXNlcnMva3ZuL0xpYnJhcnkvTW9iaWxlIERvY3VtZW50cy9jb21+YXBwbGV+Q2xvdWREb2NzL1BERiBMaWIvUGFwZXJzL1NwZWFycy9TcGVhcnMgKDE5OTFhKSAtIEEgU3R1ZHkgb2YgQ3Jvc3NvdmVyIE9wZXJhdG9ycyBpbiBHZW5ldGljIFByb2dyYW1taW5nLnBkZgAAEwABLwAAFQACAAr//wAAAAgADQAaACQAvQAAAAAAAAIBAAAAAAAAAAUAAAAAAAAAAAAAAAAAAANX},
	Bdsk-Url-1 = {https://dblp.org/rec/conf/ismis/SpearsA91},
	Bdsk-Url-2 = {https://doi.org/10.1007/3-540-54563-8_104}}

@article{krawiec:gpem2013a,
	Author = {Krzysztof Krawiec and Tomasz Pawlak},
	Date-Added = {2019-06-12 12:33:55 +0200},
	Date-Modified = {2019-06-12 13:02:31 +0200},
	Doi = {10.1007/S10710-012-9172-7},
	Journal = {Genetic Programming and Evolvable Machines},
	Keywords = {evolutionary algorithm;genetic programming;crossover operator},
	Number = {1},
	Pages = {31--63},
	Title = {Locally geometric semantic crossover: a study on the roles of semantics and homology in recombination operators},
	Url = {https://dblp.org/rec/journals/gpem/KrawiecP13},
	Volume = {14},
	Year = {2013},
	Bdsk-File-1 = {YnBsaXN0MDDSAQIDBFxyZWxhdGl2ZVBhdGhZYWxpYXNEYXRhXxDVLi4vLi4vLi4vTGlicmFyeS9Nb2JpbGUgRG9jdW1lbnRzL2NvbX5hcHBsZX5DbG91ZERvY3MvUERGIExpYi9QYXBlcnMvS3Jhd2llYy9LcmF3aWVjIChHUEVNMjAxM2EpIC0gTG9jYWxseSBnZW9tZXRyaWMgc2VtYW50aWMgY3Jvc3NvdmVyIGEgc3R1ZHkgb24gdGhlIHJvbGVzIG9mIHNlbWFudGljcyBhbmQgaG9tb2xvZ3kgaW4gcmVjb21iaW5hdGlvbiBvcGVyYXRvcnMucGRmTxEDkAAAAAADkAACAAAGU3lzdGVtAAAAAAAAAAAAAAAAAAAAAAAAAAAAAAAAAEJEAAH/////H0tyYXdpZWMgKEdQRU0yMDEzYSNGRkZGRkZGRi5wZGYAAAAAAAAAAAAAAAAAAAAAAAAAAAAAAAAAAAAAAAAAAP////8AAAAAAAAAAAAAAAAAAwAHAAAKIGN1AAAAAAAAAAAAAAAAAAdLcmF3aWVjAAACANgvOlVzZXJzOmt2bjpMaWJyYXJ5Ok1vYmlsZSBEb2N1bWVudHM6Y29tfmFwcGxlfkNsb3VkRG9jczpQREYgTGliOlBhcGVyczpLcmF3aWVjOktyYXdpZWMgKEdQRU0yMDEzYSkgLSBMb2NhbGx5IGdlb21ldHJpYyBzZW1hbnRpYyBjcm9zc292ZXIgYSBzdHVkeSBvbiB0aGUgcm9sZXMgb2Ygc2VtYW50aWNzIGFuZCBob21vbG9neSBpbiByZWNvbWJpbmF0aW9uIG9wZXJhdG9ycy5wZGYADgESAIgASwByAGEAdwBpAGUAYwAgACgARwBQAEUATQAyADAAMQAzAGEAKQAgAC0AIABMAG8AYwBhAGwAbAB5ACAAZwBlAG8AbQBlAHQAcgBpAGMAIABzAGUAbQBhAG4AdABpAGMAIABjAHIAbwBzAHMAbwB2AGUAcgAgAGEAIABzAHQAdQBkAHkAIABvAG4AIAB0AGgAZQAgAHIAbwBsAGUAcwAgAG8AZgAgAHMAZQBtAGEAbgB0AGkAYwBzACAAYQBuAGQAIABoAG8AbQBvAGwAbwBnAHkAIABpAG4AIAByAGUAYwBvAG0AYgBpAG4AYQB0AGkAbwBuACAAbwBwAGUAcgBhAHQAbwByAHMALgBwAGQAZgAPAA4ABgBTAHkAcwB0AGUAbQASANZVc2Vycy9rdm4vTGlicmFyeS9Nb2JpbGUgRG9jdW1lbnRzL2NvbX5hcHBsZX5DbG91ZERvY3MvUERGIExpYi9QYXBlcnMvS3Jhd2llYy9LcmF3aWVjIChHUEVNMjAxM2EpIC0gTG9jYWxseSBnZW9tZXRyaWMgc2VtYW50aWMgY3Jvc3NvdmVyIGEgc3R1ZHkgb24gdGhlIHJvbGVzIG9mIHNlbWFudGljcyBhbmQgaG9tb2xvZ3kgaW4gcmVjb21iaW5hdGlvbiBvcGVyYXRvcnMucGRmABMAAS8AABUAAgAK//8AAAAIAA0AGgAkAPwAAAAAAAACAQAAAAAAAAAFAAAAAAAAAAAAAAAAAAAEkA==},
	Bdsk-Url-1 = {https://dblp.org/rec/journals/gpem/KrawiecP13},
	Bdsk-Url-2 = {https://doi.org/10.1007/s10710-012-9172-7}}

@article{doerr:tcs2012a,
	Author = {Benjamin Doerr and Edda Happ and Christian Klein},
	Date-Added = {2019-06-12 12:18:18 +0200},
	Date-Modified = {2019-06-12 13:02:31 +0200},
	Doi = {10.1016/J.TCS.2010.10.035},
	Journal = {Theor. Comput. Sci.},
	Keywords = {evolutionary algorithm;genetic programming;crossover operator},
	Pages = {17--33},
	Title = {Crossover can provably be useful in evolutionary computation},
	Url = {https://dblp.org/rec/journals/tcs/DoerrHK12},
	Volume = {425},
	Year = {2012},
	Bdsk-File-1 = {YnBsaXN0MDDSAQIDBFxyZWxhdGl2ZVBhdGhZYWxpYXNEYXRhXxCeLi4vLi4vLi4vTGlicmFyeS9Nb2JpbGUgRG9jdW1lbnRzL2NvbX5hcHBsZX5DbG91ZERvY3MvUERGIExpYi9QYXBlcnMvRG9lcnIvRG9lcnIgKFRDUzIwMTJhKSAtIENyb3Nzb3ZlciBjYW4gcHJvdmFibHkgYmUgdXNlZnVsIGluIGV2b2x1dGlvbmFyeSBjb21wdXRhdGlvbi5wZGZPEQK4AAAAAAK4AAIAAAZTeXN0ZW0AAAAAAAAAAAAAAAAAAAAAAAAAAAAAAAAAQkQAAf////8fRG9lcnIgKFRDUzIwMTJhKSAtI0ZGRkZGRkZGLnBkZgAAAAAAAAAAAAAAAAAAAAAAAAAAAAAAAAAAAAAAAAAA/////wAAAAAAAAAAAAAAAAADAAcAAAogY3UAAAAAAAAAAAAAAAAABURvZXJyAAACAKEvOlVzZXJzOmt2bjpMaWJyYXJ5Ok1vYmlsZSBEb2N1bWVudHM6Y29tfmFwcGxlfkNsb3VkRG9jczpQREYgTGliOlBhcGVyczpEb2VycjpEb2VyciAoVENTMjAxMmEpIC0gQ3Jvc3NvdmVyIGNhbiBwcm92YWJseSBiZSB1c2VmdWwgaW4gZXZvbHV0aW9uYXJ5IGNvbXB1dGF0aW9uLnBkZgAADgCoAFMARABvAGUAcgByACAAKABUAEMAUwAyADAAMQAyAGEAKQAgAC0AIABDAHIAbwBzAHMAbwB2AGUAcgAgAGMAYQBuACAAcAByAG8AdgBhAGIAbAB5ACAAYgBlACAAdQBzAGUAZgB1AGwAIABpAG4AIABlAHYAbwBsAHUAdABpAG8AbgBhAHIAeQAgAGMAbwBtAHAAdQB0AGEAdABpAG8AbgAuAHAAZABmAA8ADgAGAFMAeQBzAHQAZQBtABIAn1VzZXJzL2t2bi9MaWJyYXJ5L01vYmlsZSBEb2N1bWVudHMvY29tfmFwcGxlfkNsb3VkRG9jcy9QREYgTGliL1BhcGVycy9Eb2Vyci9Eb2VyciAoVENTMjAxMmEpIC0gQ3Jvc3NvdmVyIGNhbiBwcm92YWJseSBiZSB1c2VmdWwgaW4gZXZvbHV0aW9uYXJ5IGNvbXB1dGF0aW9uLnBkZgAAEwABLwAAFQACAAr//wAAAAgADQAaACQAxQAAAAAAAAIBAAAAAAAAAAUAAAAAAAAAAAAAAAAAAAOB},
	Bdsk-Url-1 = {https://dblp.org/rec/journals/tcs/DoerrHK12},
	Bdsk-Url-2 = {https://doi.org/10.1016/j.tcs.2010.10.035}}

@inproceedings{beadle:2008a,
	Author = {Lawrence Beadle and Colin G. Johnson},
	Booktitle = {{IEEE} Congress on Evolutionary Computation},
	Date-Added = {2019-06-12 11:57:37 +0200},
	Date-Modified = {2019-06-12 13:02:31 +0200},
	Keywords = {evolutionary algorithm},
	Pages = {111--116},
	Publisher = {{IEEE}},
	Title = {Semantically driven crossover in genetic programming},
	Year = {2008},
	Bdsk-File-1 = {YnBsaXN0MDDSAQIDBFxyZWxhdGl2ZVBhdGhZYWxpYXNEYXRhXxCVLi4vLi4vLi4vTGlicmFyeS9Nb2JpbGUgRG9jdW1lbnRzL2NvbX5hcHBsZX5DbG91ZERvY3MvUERGIExpYi9QYXBlcnMvQmVhZGxlL0JlYWRsZSAoMjAwOGEpIC0gU2VtYW50aWNhbGx5IGRyaXZlbiBjcm9zc292ZXIgaW4gZ2VuZXRpYyBwcm9ncmFtbWluZy5wZGZPEQKQAAAAAAKQAAIAAAZTeXN0ZW0AAAAAAAAAAAAAAAAAAAAAAAAAAAAAAAAAQkQAAf////8fQmVhZGxlICgyMDA4YSkgLSBTI0ZGRkZGRkZGLnBkZgAAAAAAAAAAAAAAAAAAAAAAAAAAAAAAAAAAAAAAAAAA/////wAAAAAAAAAAAAAAAAADAAcAAAogY3UAAAAAAAAAAAAAAAAABkJlYWRsZQACAJgvOlVzZXJzOmt2bjpMaWJyYXJ5Ok1vYmlsZSBEb2N1bWVudHM6Y29tfmFwcGxlfkNsb3VkRG9jczpQREYgTGliOlBhcGVyczpCZWFkbGU6QmVhZGxlICgyMDA4YSkgLSBTZW1hbnRpY2FsbHkgZHJpdmVuIGNyb3Nzb3ZlciBpbiBnZW5ldGljIHByb2dyYW1taW5nLnBkZgAOAJQASQBCAGUAYQBkAGwAZQAgACgAMgAwADAAOABhACkAIAAtACAAUwBlAG0AYQBuAHQAaQBjAGEAbABsAHkAIABkAHIAaQB2AGUAbgAgAGMAcgBvAHMAcwBvAHYAZQByACAAaQBuACAAZwBlAG4AZQB0AGkAYwAgAHAAcgBvAGcAcgBhAG0AbQBpAG4AZwAuAHAAZABmAA8ADgAGAFMAeQBzAHQAZQBtABIAllVzZXJzL2t2bi9MaWJyYXJ5L01vYmlsZSBEb2N1bWVudHMvY29tfmFwcGxlfkNsb3VkRG9jcy9QREYgTGliL1BhcGVycy9CZWFkbGUvQmVhZGxlICgyMDA4YSkgLSBTZW1hbnRpY2FsbHkgZHJpdmVuIGNyb3Nzb3ZlciBpbiBnZW5ldGljIHByb2dyYW1taW5nLnBkZgATAAEvAAAVAAIACv//AAAACAANABoAJAC8AAAAAAAAAgEAAAAAAAAABQAAAAAAAAAAAAAAAAAAA1A=},
	Bdsk-Url-1 = {https://dblp.org/rec/conf/cec/BeadleJ08},
	Bdsk-Url-2 = {https://doi.org/10.1109/CEC.2008.4630784}}

@inproceedings{beadle:2009a,
	Author = {Lawrence Beadle and Colin G. Johnson},
	Booktitle = {{IEEE} Congress on Evolutionary Computation},
	Date-Added = {2019-06-12 11:57:30 +0200},
	Date-Modified = {2019-06-12 13:02:31 +0200},
	Keywords = {evolutionary algorithm},
	Pages = {1336--1342},
	Publisher = {{IEEE}},
	Title = {Semantically driven mutation in genetic programming},
	Year = {2009},
	Bdsk-File-1 = {YnBsaXN0MDDSAQIDBFxyZWxhdGl2ZVBhdGhZYWxpYXNEYXRhXxCULi4vLi4vLi4vTGlicmFyeS9Nb2JpbGUgRG9jdW1lbnRzL2NvbX5hcHBsZX5DbG91ZERvY3MvUERGIExpYi9QYXBlcnMvQmVhZGxlL0JlYWRsZSAoMjAwOWEpIC0gU2VtYW50aWNhbGx5IGRyaXZlbiBtdXRhdGlvbiBpbiBnZW5ldGljIHByb2dyYW1taW5nLnBkZk8RAo4AAAAAAo4AAgAABlN5c3RlbQAAAAAAAAAAAAAAAAAAAAAAAAAAAAAAAABCRAAB/////x9CZWFkbGUgKDIwMDlhKSAtIFMjRkZGRkZGRkYucGRmAAAAAAAAAAAAAAAAAAAAAAAAAAAAAAAAAAAAAAAAAAD/////AAAAAAAAAAAAAAAAAAMABwAACiBjdQAAAAAAAAAAAAAAAAAGQmVhZGxlAAIAly86VXNlcnM6a3ZuOkxpYnJhcnk6TW9iaWxlIERvY3VtZW50czpjb21+YXBwbGV+Q2xvdWREb2NzOlBERiBMaWI6UGFwZXJzOkJlYWRsZTpCZWFkbGUgKDIwMDlhKSAtIFNlbWFudGljYWxseSBkcml2ZW4gbXV0YXRpb24gaW4gZ2VuZXRpYyBwcm9ncmFtbWluZy5wZGYAAA4AkgBIAEIAZQBhAGQAbABlACAAKAAyADAAMAA5AGEAKQAgAC0AIABTAGUAbQBhAG4AdABpAGMAYQBsAGwAeQAgAGQAcgBpAHYAZQBuACAAbQB1AHQAYQB0AGkAbwBuACAAaQBuACAAZwBlAG4AZQB0AGkAYwAgAHAAcgBvAGcAcgBhAG0AbQBpAG4AZwAuAHAAZABmAA8ADgAGAFMAeQBzAHQAZQBtABIAlVVzZXJzL2t2bi9MaWJyYXJ5L01vYmlsZSBEb2N1bWVudHMvY29tfmFwcGxlfkNsb3VkRG9jcy9QREYgTGliL1BhcGVycy9CZWFkbGUvQmVhZGxlICgyMDA5YSkgLSBTZW1hbnRpY2FsbHkgZHJpdmVuIG11dGF0aW9uIGluIGdlbmV0aWMgcHJvZ3JhbW1pbmcucGRmAAATAAEvAAAVAAIACv//AAAACAANABoAJAC7AAAAAAAAAgEAAAAAAAAABQAAAAAAAAAAAAAAAAAAA00=},
	Bdsk-Url-1 = {https://dblp.org/rec/conf/cec/BeadleJ09},
	Bdsk-Url-2 = {https://doi.org/10.1109/CEC.2009.4983099}}

@inproceedings{spears:1995a,
	Author = {William M. Spears},
	Bibsource = {dblp computer science bibliography, https://dblp.org},
	Biburl = {https://dblp.org/rec/bib/conf/eps/Spears95},
	Booktitle = {Evolutionary Programming},
	Date-Added = {2019-06-10 13:23:30 +0200},
	Date-Modified = {2019-06-12 13:02:31 +0200},
	Keywords = {evolutionary algorithm; crossover operator},
	Pages = {367--384},
	Timestamp = {Thu, 03 Jan 2002 11:57:30 +0100},
	Title = {Adapting Crossover in Evolutionary Algorithms},
	Year = {1995},
	Bdsk-File-1 = {YnBsaXN0MDDSAQIDBFxyZWxhdGl2ZVBhdGhZYWxpYXNEYXRhXxCOLi4vLi4vLi4vTGlicmFyeS9Nb2JpbGUgRG9jdW1lbnRzL2NvbX5hcHBsZX5DbG91ZERvY3MvUERGIExpYi9QYXBlcnMvU3BlYXJzL1NwZWFycyAoMTk5NWEpIC0gQWRhcHRpbmcgQ3Jvc3NvdmVyIGluIEV2b2x1dGlvbmFyeSBBbGdvcml0aG1zLnBkZk8RAnYAAAAAAnYAAgAABlN5c3RlbQAAAAAAAAAAAAAAAAAAAAAAAAAAAAAAAABCRAAB/////x9TcGVhcnMgKDE5OTVhKSAtIEEjRkZGRkZGRkYucGRmAAAAAAAAAAAAAAAAAAAAAAAAAAAAAAAAAAAAAAAAAAD/////AAAAAAAAAAAAAAAAAAMABwAACiBjdQAAAAAAAAAAAAAAAAAGU3BlYXJzAAIAkS86VXNlcnM6a3ZuOkxpYnJhcnk6TW9iaWxlIERvY3VtZW50czpjb21+YXBwbGV+Q2xvdWREb2NzOlBERiBMaWI6UGFwZXJzOlNwZWFyczpTcGVhcnMgKDE5OTVhKSAtIEFkYXB0aW5nIENyb3Nzb3ZlciBpbiBFdm9sdXRpb25hcnkgQWxnb3JpdGhtcy5wZGYAAA4AhgBCAFMAcABlAGEAcgBzACAAKAAxADkAOQA1AGEAKQAgAC0AIABBAGQAYQBwAHQAaQBuAGcAIABDAHIAbwBzAHMAbwB2AGUAcgAgAGkAbgAgAEUAdgBvAGwAdQB0AGkAbwBuAGEAcgB5ACAAQQBsAGcAbwByAGkAdABoAG0AcwAuAHAAZABmAA8ADgAGAFMAeQBzAHQAZQBtABIAj1VzZXJzL2t2bi9MaWJyYXJ5L01vYmlsZSBEb2N1bWVudHMvY29tfmFwcGxlfkNsb3VkRG9jcy9QREYgTGliL1BhcGVycy9TcGVhcnMvU3BlYXJzICgxOTk1YSkgLSBBZGFwdGluZyBDcm9zc292ZXIgaW4gRXZvbHV0aW9uYXJ5IEFsZ29yaXRobXMucGRmAAATAAEvAAAVAAIACv//AAAACAANABoAJAC1AAAAAAAAAgEAAAAAAAAABQAAAAAAAAAAAAAAAAAAAy8=}}

@inproceedings{zampelli:2005a,
	Abstract = {Our goal is to build a declarative framework for approximate graph matching where various constraints can be stated upon the pattern graph, enabling approximate constrained subgraph matching, extending models and constraints proposed by Rudolf [1] and Valiente et al. [2]. In the present work, we propose a CSP approach for approximate subgraph matching where the potential approximation is declaratively stated in the pattern graph as mandatory/optional nodes/edges. Forbidden edges, that is edges that may not be included in the matching, can be declared on the pattern graph. We also want to declare properties between pairs of nodes in the pattern graph, such as distance properties, that can be either stated by the user, or automatically inferred by the system. In the former case, such properties can define new approximate patterns. In the latter case, these redundant constraints enhance the pruning.},
	Address = {Berlin, Heidelberg},
	Author = {Zampelli, St{\'e}phane and Deville, Yves and Dupont, Pierre},
	Booktitle = {Principles and Practice of Constraint Programming - CP 2005},
	Date-Added = {2018-12-21 12:17:10 +0100},
	Date-Modified = {2019-06-12 13:02:31 +0200},
	Editor = {van Beek, Peter},
	Isbn = {978-3-540-32050-0},
	Keywords = {subgraph matching},
	Pages = {832--836},
	Publisher = {Springer Berlin Heidelberg},
	Title = {Approximate Constrained Subgraph Matching},
	Year = {2005},
	Bdsk-File-1 = {YnBsaXN0MDDSAQIDBFxyZWxhdGl2ZVBhdGhZYWxpYXNEYXRhXxCOLi4vLi4vLi4vTGlicmFyeS9Nb2JpbGUgRG9jdW1lbnRzL2NvbX5hcHBsZX5DbG91ZERvY3MvUERGIExpYi9QYXBlcnMvWmFtcGVsbGkvWmFtcGVsbGkgKDIwMDVhKSAtIEFwcHJveGltYXRlIENvbnN0cmFpbmVkIFN1YmdyYXBoIE1hdGNoaW5nLnBkZk8RAnQAAAAAAnQAAgAABlN5c3RlbQAAAAAAAAAAAAAAAAAAAAAAAAAAAAAAAABCRAAB/////x9aYW1wZWxsaSAoMjAwNWEpIC0jRkZGRkZGRkYucGRmAAAAAAAAAAAAAAAAAAAAAAAAAAAAAAAAAAAAAAAAAAD/////AAAAAAAAAAAAAAAAAAMABwAACiBjdQAAAAAAAAAAAAAAAAAIWmFtcGVsbGkAAgCRLzpVc2Vyczprdm46TGlicmFyeTpNb2JpbGUgRG9jdW1lbnRzOmNvbX5hcHBsZX5DbG91ZERvY3M6UERGIExpYjpQYXBlcnM6WmFtcGVsbGk6WmFtcGVsbGkgKDIwMDVhKSAtIEFwcHJveGltYXRlIENvbnN0cmFpbmVkIFN1YmdyYXBoIE1hdGNoaW5nLnBkZgAADgCCAEAAWgBhAG0AcABlAGwAbABpACAAKAAyADAAMAA1AGEAKQAgAC0AIABBAHAAcAByAG8AeABpAG0AYQB0AGUAIABDAG8AbgBzAHQAcgBhAGkAbgBlAGQAIABTAHUAYgBnAHIAYQBwAGgAIABNAGEAdABjAGgAaQBuAGcALgBwAGQAZgAPAA4ABgBTAHkAcwB0AGUAbQASAI9Vc2Vycy9rdm4vTGlicmFyeS9Nb2JpbGUgRG9jdW1lbnRzL2NvbX5hcHBsZX5DbG91ZERvY3MvUERGIExpYi9QYXBlcnMvWmFtcGVsbGkvWmFtcGVsbGkgKDIwMDVhKSAtIEFwcHJveGltYXRlIENvbnN0cmFpbmVkIFN1YmdyYXBoIE1hdGNoaW5nLnBkZgAAEwABLwAAFQACAAr//wAAAAgADQAaACQAtQAAAAAAAAIBAAAAAAAAAAUAAAAAAAAAAAAAAAAAAAMt}}

@inproceedings{bizer:2010a,
	Author = {Christian Bizer and Andreas Schultz},
	Bibsource = {dblp computer science bibliography, https://dblp.org},
	Biburl = {https://dblp.org/rec/bib/conf/semweb/BizerS10},
	Booktitle = {Proceedings of the First International Workshop on Consuming Linked Data, Shanghai, China, November 8, 2010},
	Crossref = {hartig:2010a},
	Date-Added = {2018-12-19 13:31:04 +0100},
	Date-Modified = {2019-06-12 13:02:31 +0200},
	Keywords = {linked data},
	Timestamp = {Fri, 30 Jun 2017 15:55:19 +0200},
	Title = {The {R2R} Framework: Publishing and Discovering Mappings on the Web},
	Year = {2010},
	Bdsk-File-1 = {YnBsaXN0MDDSAQIDBFxyZWxhdGl2ZVBhdGhZYWxpYXNEYXRhXxCfLi4vLi4vLi4vTGlicmFyeS9Nb2JpbGUgRG9jdW1lbnRzL2NvbX5hcHBsZX5DbG91ZERvY3MvUERGIExpYi9QYXBlcnMvQml6ZXIvQml6ZXIgKDIwMTBhKSAtIFRoZSBSMlIgRnJhbWV3b3JrIFB1Ymxpc2hpbmcgYW5kIERpc2NvdmVyaW5nIE1hcHBpbmdzIG9uIHRoZSBXZWIucGRmTxECugAAAAACugACAAAGU3lzdGVtAAAAAAAAAAAAAAAAAAAAAAAAAAAAAAAAAEJEAAH/////H0JpemVyICgyMDEwYSkgLSBUaCNGRkZGRkZGRi5wZGYAAAAAAAAAAAAAAAAAAAAAAAAAAAAAAAAAAAAAAAAAAP////8AAAAAAAAAAAAAAAAAAwAHAAAKIGN1AAAAAAAAAAAAAAAAAAVCaXplcgAAAgCiLzpVc2Vyczprdm46TGlicmFyeTpNb2JpbGUgRG9jdW1lbnRzOmNvbX5hcHBsZX5DbG91ZERvY3M6UERGIExpYjpQYXBlcnM6Qml6ZXI6Qml6ZXIgKDIwMTBhKSAtIFRoZSBSMlIgRnJhbWV3b3JrIFB1Ymxpc2hpbmcgYW5kIERpc2NvdmVyaW5nIE1hcHBpbmdzIG9uIHRoZSBXZWIucGRmAA4AqgBUAEIAaQB6AGUAcgAgACgAMgAwADEAMABhACkAIAAtACAAVABoAGUAIABSADIAUgAgAEYAcgBhAG0AZQB3AG8AcgBrACAAUAB1AGIAbABpAHMAaABpAG4AZwAgAGEAbgBkACAARABpAHMAYwBvAHYAZQByAGkAbgBnACAATQBhAHAAcABpAG4AZwBzACAAbwBuACAAdABoAGUAIABXAGUAYgAuAHAAZABmAA8ADgAGAFMAeQBzAHQAZQBtABIAoFVzZXJzL2t2bi9MaWJyYXJ5L01vYmlsZSBEb2N1bWVudHMvY29tfmFwcGxlfkNsb3VkRG9jcy9QREYgTGliL1BhcGVycy9CaXplci9CaXplciAoMjAxMGEpIC0gVGhlIFIyUiBGcmFtZXdvcmsgUHVibGlzaGluZyBhbmQgRGlzY292ZXJpbmcgTWFwcGluZ3Mgb24gdGhlIFdlYi5wZGYAEwABLwAAFQACAAr//wAAAAgADQAaACQAxgAAAAAAAAIBAAAAAAAAAAUAAAAAAAAAAAAAAAAAAAOE},
	Bdsk-Url-1 = {http://ceur-ws.org/Vol-665/BizerEtAl%5C_COLD2010.pdf}}

@proceedings{hartig:2010a,
	Bibsource = {dblp computer science bibliography, https://dblp.org},
	Biburl = {https://dblp.org/rec/bib/conf/semweb/2010cold},
	Date-Added = {2018-12-19 13:30:59 +0100},
	Date-Modified = {2019-06-12 13:02:31 +0200},
	Editor = {Olaf Hartig and Andreas Harth and Juan F. Sequeda},
	Keywords = {linked data},
	Publisher = {CEUR-WS.org},
	Series = {{CEUR} Workshop Proceedings},
	Timestamp = {Fri, 30 Jun 2017 15:55:19 +0200},
	Title = {Proceedings of the First International Workshop on Consuming Linked Data, Shanghai, China, November 8, 2010},
	Urn = {urn:nbn:de:0074-665-8},
	Volume = {665},
	Year = {2010},
	Bdsk-Url-1 = {http://ceur-ws.org/Vol-665}}

@inproceedings{xiao:2016a,
	Author = {Xiao, Han and Huang, Minlie and Zhu, Xiaoyan},
	Booktitle = {Proceedings of the 54th Annual Meeting of the Association for Computational Linguistics (Volume 1: Long Papers)},
	Date-Added = {2018-12-10 14:45:31 +0100},
	Date-Modified = {2019-06-12 13:02:31 +0200},
	Keywords = {knowledge graph embedding},
	Pages = {2316--2325},
	Title = {TransG: A generative model for knowledge graph embedding},
	Volume = {1},
	Year = {2016},
	Bdsk-File-1 = {YnBsaXN0MDDSAQIDBFxyZWxhdGl2ZVBhdGhZYWxpYXNEYXRhXxCULi4vLi4vLi4vTGlicmFyeS9Nb2JpbGUgRG9jdW1lbnRzL2NvbX5hcHBsZX5DbG91ZERvY3MvUERGIExpYi9QYXBlcnMvWGlhby9YaWFvICgyMDE2YSkgLSBUcmFuc0cgQSBnZW5lcmF0aXZlIG1vZGVsIGZvciBrbm93bGVkZ2UgZ3JhcGggZW1iZWRkaW5nLnBkZk8RApAAAAAAApAAAgAABlN5c3RlbQAAAAAAAAAAAAAAAAAAAAAAAAAAAAAAAABCRAAB/////x9YaWFvICgyMDE2YSkgLSBUcmEjRkZGRkZGRkYucGRmAAAAAAAAAAAAAAAAAAAAAAAAAAAAAAAAAAAAAAAAAAD/////AAAAAAAAAAAAAAAAAAMABwAACiBjdQAAAAAAAAAAAAAAAAAEWGlhbwACAJcvOlVzZXJzOmt2bjpMaWJyYXJ5Ok1vYmlsZSBEb2N1bWVudHM6Y29tfmFwcGxlfkNsb3VkRG9jczpQREYgTGliOlBhcGVyczpYaWFvOlhpYW8gKDIwMTZhKSAtIFRyYW5zRyBBIGdlbmVyYXRpdmUgbW9kZWwgZm9yIGtub3dsZWRnZSBncmFwaCBlbWJlZGRpbmcucGRmAAAOAJYASgBYAGkAYQBvACAAKAAyADAAMQA2AGEAKQAgAC0AIABUAHIAYQBuAHMARwAgAEEAIABnAGUAbgBlAHIAYQB0AGkAdgBlACAAbQBvAGQAZQBsACAAZgBvAHIAIABrAG4AbwB3AGwAZQBkAGcAZQAgAGcAcgBhAHAAaAAgAGUAbQBiAGUAZABkAGkAbgBnAC4AcABkAGYADwAOAAYAUwB5AHMAdABlAG0AEgCVVXNlcnMva3ZuL0xpYnJhcnkvTW9iaWxlIERvY3VtZW50cy9jb21+YXBwbGV+Q2xvdWREb2NzL1BERiBMaWIvUGFwZXJzL1hpYW8vWGlhbyAoMjAxNmEpIC0gVHJhbnNHIEEgZ2VuZXJhdGl2ZSBtb2RlbCBmb3Iga25vd2xlZGdlIGdyYXBoIGVtYmVkZGluZy5wZGYAABMAAS8AABUAAgAK//8AAAAIAA0AGgAkALsAAAAAAAACAQAAAAAAAAAFAAAAAAAAAAAAAAAAAAADTw==}}

@inproceedings{wang:2014a,
	Author = {Wang, Zhen and Zhang, Jianwen and Feng, Jianlin and Chen, Zheng},
	Booktitle = {AAAI},
	Date-Added = {2018-12-10 14:44:35 +0100},
	Date-Modified = {2019-06-12 13:02:31 +0200},
	Keywords = {knowledge graph embedding},
	Pages = {1112--1119},
	Title = {Knowledge Graph Embedding by Translating on Hyperplanes.},
	Volume = {14},
	Year = {2014},
	Bdsk-File-1 = {YnBsaXN0MDDSAQIDBFxyZWxhdGl2ZVBhdGhZYWxpYXNEYXRhXxCVLi4vLi4vLi4vTGlicmFyeS9Nb2JpbGUgRG9jdW1lbnRzL2NvbX5hcHBsZX5DbG91ZERvY3MvUERGIExpYi9QYXBlcnMvV2FuZy9XYW5nICgyMDE0YSkgLSBLbm93bGVkZ2UgR3JhcGggRW1iZWRkaW5nIGJ5IFRyYW5zbGF0aW5nIG9uIEh5cGVycGxhbmVzLi5wZGZPEQKSAAAAAAKSAAIAAAZTeXN0ZW0AAAAAAAAAAAAAAAAAAAAAAAAAAAAAAAAAQkQAAf////8fV2FuZyAoMjAxNGEpIC0gS25vI0ZGRkZGRkZGLnBkZgAAAAAAAAAAAAAAAAAAAAAAAAAAAAAAAAAAAAAAAAAA/////wAAAAAAAAAAAAAAAAADAAcAAAogY3UAAAAAAAAAAAAAAAAABFdhbmcAAgCYLzpVc2Vyczprdm46TGlicmFyeTpNb2JpbGUgRG9jdW1lbnRzOmNvbX5hcHBsZX5DbG91ZERvY3M6UERGIExpYjpQYXBlcnM6V2FuZzpXYW5nICgyMDE0YSkgLSBLbm93bGVkZ2UgR3JhcGggRW1iZWRkaW5nIGJ5IFRyYW5zbGF0aW5nIG9uIEh5cGVycGxhbmVzLi5wZGYADgCYAEsAVwBhAG4AZwAgACgAMgAwADEANABhACkAIAAtACAASwBuAG8AdwBsAGUAZABnAGUAIABHAHIAYQBwAGgAIABFAG0AYgBlAGQAZABpAG4AZwAgAGIAeQAgAFQAcgBhAG4AcwBsAGEAdABpAG4AZwAgAG8AbgAgAEgAeQBwAGUAcgBwAGwAYQBuAGUAcwAuAC4AcABkAGYADwAOAAYAUwB5AHMAdABlAG0AEgCWVXNlcnMva3ZuL0xpYnJhcnkvTW9iaWxlIERvY3VtZW50cy9jb21+YXBwbGV+Q2xvdWREb2NzL1BERiBMaWIvUGFwZXJzL1dhbmcvV2FuZyAoMjAxNGEpIC0gS25vd2xlZGdlIEdyYXBoIEVtYmVkZGluZyBieSBUcmFuc2xhdGluZyBvbiBIeXBlcnBsYW5lcy4ucGRmABMAAS8AABUAAgAK//8AAAAIAA0AGgAkALwAAAAAAAACAQAAAAAAAAAFAAAAAAAAAAAAAAAAAAADUg==}}

@inproceedings{lin:2015a,
	Author = {Lin, Yankai and Liu, Zhiyuan and Sun, Maosong and Liu, Yang and Zhu, Xuan},
	Booktitle = {AAAI},
	Date-Added = {2018-12-10 14:43:47 +0100},
	Date-Modified = {2019-06-12 13:02:31 +0200},
	Keywords = {knowledge graph embedding},
	Pages = {2181--2187},
	Title = {Learning entity and relation embeddings for knowledge graph completion.},
	Volume = {15},
	Year = {2015},
	Bdsk-File-1 = {YnBsaXN0MDDSAQIDBFxyZWxhdGl2ZVBhdGhZYWxpYXNEYXRhXxCiLi4vLi4vLi4vTGlicmFyeS9Nb2JpbGUgRG9jdW1lbnRzL2NvbX5hcHBsZX5DbG91ZERvY3MvUERGIExpYi9QYXBlcnMvTGluL0xpbiAoMjAxNWEpIC0gTGVhcm5pbmcgZW50aXR5IGFuZCByZWxhdGlvbiBlbWJlZGRpbmdzIGZvciBrbm93bGVkZ2UgZ3JhcGggY29tcGxldGlvbi4ucGRmTxECygAAAAACygACAAAGU3lzdGVtAAAAAAAAAAAAAAAAAAAAAAAAAAAAAAAAAEJEAAH/////H0xpbiAoMjAxNWEpIC0gTGVhciNGRkZGRkZGRi5wZGYAAAAAAAAAAAAAAAAAAAAAAAAAAAAAAAAAAAAAAAAAAP////8AAAAAUERGIAAAAAAAAwAHAAAKIGN1AAAAAAAAAAAAAAAAAANMaW4AAAIApS86VXNlcnM6a3ZuOkxpYnJhcnk6TW9iaWxlIERvY3VtZW50czpjb21+YXBwbGV+Q2xvdWREb2NzOlBERiBMaWI6UGFwZXJzOkxpbjpMaW4gKDIwMTVhKSAtIExlYXJuaW5nIGVudGl0eSBhbmQgcmVsYXRpb24gZW1iZWRkaW5ncyBmb3Iga25vd2xlZGdlIGdyYXBoIGNvbXBsZXRpb24uLnBkZgAADgC0AFkATABpAG4AIAAoADIAMAAxADUAYQApACAALQAgAEwAZQBhAHIAbgBpAG4AZwAgAGUAbgB0AGkAdAB5ACAAYQBuAGQAIAByAGUAbABhAHQAaQBvAG4AIABlAG0AYgBlAGQAZABpAG4AZwBzACAAZgBvAHIAIABrAG4AbwB3AGwAZQBkAGcAZQAgAGcAcgBhAHAAaAAgAGMAbwBtAHAAbABlAHQAaQBvAG4ALgAuAHAAZABmAA8ADgAGAFMAeQBzAHQAZQBtABIAo1VzZXJzL2t2bi9MaWJyYXJ5L01vYmlsZSBEb2N1bWVudHMvY29tfmFwcGxlfkNsb3VkRG9jcy9QREYgTGliL1BhcGVycy9MaW4vTGluICgyMDE1YSkgLSBMZWFybmluZyBlbnRpdHkgYW5kIHJlbGF0aW9uIGVtYmVkZGluZ3MgZm9yIGtub3dsZWRnZSBncmFwaCBjb21wbGV0aW9uLi5wZGYAABMAAS8AABUAAgAK//8AAAAIAA0AGgAkAMkAAAAAAAACAQAAAAAAAAAFAAAAAAAAAAAAAAAAAAADlw==}}

@inproceedings{bordes:2013a,
	Author = {Bordes, Antoine and Usunier, Nicolas and Garcia-Duran, Alberto and Weston, Jason and Yakhnenko, Oksana},
	Booktitle = {Advances in neural information processing systems},
	Date-Added = {2018-12-10 14:42:07 +0100},
	Date-Modified = {2019-06-12 13:02:31 +0200},
	Keywords = {knowledge graph embedding},
	Pages = {2787--2795},
	Title = {Translating embeddings for modeling multi-relational data},
	Year = {2013},
	Bdsk-File-1 = {YnBsaXN0MDDSAQIDBFxyZWxhdGl2ZVBhdGhZYWxpYXNEYXRhXxCaLi4vLi4vLi4vTGlicmFyeS9Nb2JpbGUgRG9jdW1lbnRzL2NvbX5hcHBsZX5DbG91ZERvY3MvUERGIExpYi9QYXBlcnMvQm9yZGVzL0JvcmRlcyAoMjAxM2EpIC0gVHJhbnNsYXRpbmcgZW1iZWRkaW5ncyBmb3IgbW9kZWxpbmcgbXVsdGktcmVsYXRpb25hbCBkYXRhLnBkZk8RAqYAAAAAAqYAAgAABlN5c3RlbQAAAAAAAAAAAAAAAAAAAAAAAAAAAAAAAABCRAAB/////x9Cb3JkZXMgKDIwMTNhKSAtIFQjRkZGRkZGRkYucGRmAAAAAAAAAAAAAAAAAAAAAAAAAAAAAAAAAAAAAAAAAAD/////AAAAAAAAAAAAAAAAAAMABwAACiBjdQAAAAAAAAAAAAAAAAAGQm9yZGVzAAIAnS86VXNlcnM6a3ZuOkxpYnJhcnk6TW9iaWxlIERvY3VtZW50czpjb21+YXBwbGV+Q2xvdWREb2NzOlBERiBMaWI6UGFwZXJzOkJvcmRlczpCb3JkZXMgKDIwMTNhKSAtIFRyYW5zbGF0aW5nIGVtYmVkZGluZ3MgZm9yIG1vZGVsaW5nIG11bHRpLXJlbGF0aW9uYWwgZGF0YS5wZGYAAA4AngBOAEIAbwByAGQAZQBzACAAKAAyADAAMQAzAGEAKQAgAC0AIABUAHIAYQBuAHMAbABhAHQAaQBuAGcAIABlAG0AYgBlAGQAZABpAG4AZwBzACAAZgBvAHIAIABtAG8AZABlAGwAaQBuAGcAIABtAHUAbAB0AGkALQByAGUAbABhAHQAaQBvAG4AYQBsACAAZABhAHQAYQAuAHAAZABmAA8ADgAGAFMAeQBzAHQAZQBtABIAm1VzZXJzL2t2bi9MaWJyYXJ5L01vYmlsZSBEb2N1bWVudHMvY29tfmFwcGxlfkNsb3VkRG9jcy9QREYgTGliL1BhcGVycy9Cb3JkZXMvQm9yZGVzICgyMDEzYSkgLSBUcmFuc2xhdGluZyBlbWJlZGRpbmdzIGZvciBtb2RlbGluZyBtdWx0aS1yZWxhdGlvbmFsIGRhdGEucGRmAAATAAEvAAAVAAIACv//AAAACAANABoAJADBAAAAAAAAAgEAAAAAAAAABQAAAAAAAAAAAAAAAAAAA2s=}}

@inproceedings{abel:2011a,
	Abstract = {As the most popular microblogging platform, the vast amount of content on Twitter is constantly growing so that the retrieval of relevant information (streams) is becoming more and more difficult every day. Representing the semantics of individual Twitter activities and modeling the interests of Twitter users would allow for personalization and therewith countervail the information overload. Given the variety and recency of topics people discuss on Twitter, semantic user profiles generated from Twitter posts moreover promise to be beneficial for other applications on the Social Web as well. However, automatically inferring the semantic meaning of Twitter posts is a non-trivial problem.},
	Address = {Berlin, Heidelberg},
	Author = {Abel, Fabian and Gao, Qi and Houben, Geert-Jan and Tao, Ke},
	Booktitle = {The Semanic Web: Research and Applications},
	Date-Added = {2018-12-10 10:30:28 +0100},
	Date-Modified = {2019-06-12 13:02:31 +0200},
	Editor = {Antoniou, Grigoris and Grobelnik, Marko and Simperl, Elena and Parsia, Bijan and Plexousakis, Dimitris and De Leenheer, Pieter and Pan, Jeff},
	Isbn = {978-3-642-21064-8},
	Keywords = {linked data; enrichment},
	Pages = {375--389},
	Publisher = {Springer Berlin Heidelberg},
	Title = {Semantic Enrichment of Twitter Posts for User Profile Construction on the Social Web},
	Year = {2011},
	Bdsk-File-1 = {YnBsaXN0MDDSAQIDBFxyZWxhdGl2ZVBhdGhZYWxpYXNEYXRhXxCxLi4vLi4vLi4vTGlicmFyeS9Nb2JpbGUgRG9jdW1lbnRzL2NvbX5hcHBsZX5DbG91ZERvY3MvUERGIExpYi9QYXBlcnMvQWJlbC9BYmVsICgyMDExYSkgLSBTZW1hbnRpYyBFbnJpY2htZW50IG9mIFR3aXR0ZXIgUG9zdHMgZm9yIFVzZXIgUHJvZmlsZSBDb25zdHJ1Y3Rpb24gb24gdGhlIFNvY2lhbCBXZWIucGRmTxEDAgAAAAADAgACAAAGU3lzdGVtAAAAAAAAAAAAAAAAAAAAAAAAAAAAAAAAAEJEAAH/////H0FiZWwgKDIwMTFhKSAtIFNlbSNGRkZGRkZGRi5wZGYAAAAAAAAAAAAAAAAAAAAAAAAAAAAAAAAAAAAAAAAAAP////8AAAAAAAAAAAAAAAAAAwAHAAAKIGN1AAAAAAAAAAAAAAAAAARBYmVsAAIAtC86VXNlcnM6a3ZuOkxpYnJhcnk6TW9iaWxlIERvY3VtZW50czpjb21+YXBwbGV+Q2xvdWREb2NzOlBERiBMaWI6UGFwZXJzOkFiZWw6QWJlbCAoMjAxMWEpIC0gU2VtYW50aWMgRW5yaWNobWVudCBvZiBUd2l0dGVyIFBvc3RzIGZvciBVc2VyIFByb2ZpbGUgQ29uc3RydWN0aW9uIG9uIHRoZSBTb2NpYWwgV2ViLnBkZgAOANAAZwBBAGIAZQBsACAAKAAyADAAMQAxAGEAKQAgAC0AIABTAGUAbQBhAG4AdABpAGMAIABFAG4AcgBpAGMAaABtAGUAbgB0ACAAbwBmACAAVAB3AGkAdAB0AGUAcgAgAFAAbwBzAHQAcwAgAGYAbwByACAAVQBzAGUAcgAgAFAAcgBvAGYAaQBsAGUAIABDAG8AbgBzAHQAcgB1AGMAdABpAG8AbgAgAG8AbgAgAHQAaABlACAAUwBvAGMAaQBhAGwAIABXAGUAYgAuAHAAZABmAA8ADgAGAFMAeQBzAHQAZQBtABIAslVzZXJzL2t2bi9MaWJyYXJ5L01vYmlsZSBEb2N1bWVudHMvY29tfmFwcGxlfkNsb3VkRG9jcy9QREYgTGliL1BhcGVycy9BYmVsL0FiZWwgKDIwMTFhKSAtIFNlbWFudGljIEVucmljaG1lbnQgb2YgVHdpdHRlciBQb3N0cyBmb3IgVXNlciBQcm9maWxlIENvbnN0cnVjdGlvbiBvbiB0aGUgU29jaWFsIFdlYi5wZGYAEwABLwAAFQACAAr//wAAAAgADQAaACQA2AAAAAAAAAIBAAAAAAAAAAUAAAAAAAAAAAAAAAAAAAPe}}

@inproceedings{hu:2014a,
	Author = {Hu, Yingjie and McKenzie, Grant and Yang, Jiue-An and Gao, Song and Abdalla, Amin and Janowicz, Krzysztof},
	Booktitle = {LAK Workshops},
	Date-Added = {2018-12-10 10:28:36 +0100},
	Date-Modified = {2019-06-12 13:02:31 +0200},
	Keywords = {linked data; enrichment},
	Title = {A Linked-Data-Driven Web Portal for Learning Analytics: Data Enrichment, Interactive Visualization, and Knowledge Discovery.},
	Year = {2014},
	Bdsk-File-1 = {YnBsaXN0MDDSAQIDBFxyZWxhdGl2ZVBhdGhZYWxpYXNEYXRhXxDULi4vLi4vLi4vTGlicmFyeS9Nb2JpbGUgRG9jdW1lbnRzL2NvbX5hcHBsZX5DbG91ZERvY3MvUERGIExpYi9QYXBlcnMvSHUvSHUgKDIwMTRhKSAtIEEgTGlua2VkLURhdGEtRHJpdmVuIFdlYiBQb3J0YWwgZm9yIExlYXJuaW5nIEFuYWx5dGljcyBEYXRhIEVucmljaG1lbnQsIEludGVyYWN0aXZlIFZpc3VhbGl6YXRpb24sIGFuZCBLbm93bGVkZ2UgRGlzY292ZXJ5Li5wZGZPEQOSAAAAAAOSAAIAAAZTeXN0ZW0AAAAAAAAAAAAAAAAAAAAAAAAAAAAAAAAAQkQAAf////8fSHUgKDIwMTRhKSAtIEEgTGluI0ZGRkZGRkZGLnBkZgAAAAAAAAAAAAAAAAAAAAAAAAAAAAAAAAAAAAAAAAAA/////wAAAAAAAAAAAAAAAAADAAcAAAogY3UAAAAAAAAAAAAAAAAAAkh1AAIA1y86VXNlcnM6a3ZuOkxpYnJhcnk6TW9iaWxlIERvY3VtZW50czpjb21+YXBwbGV+Q2xvdWREb2NzOlBERiBMaWI6UGFwZXJzOkh1Okh1ICgyMDE0YSkgLSBBIExpbmtlZC1EYXRhLURyaXZlbiBXZWIgUG9ydGFsIGZvciBMZWFybmluZyBBbmFseXRpY3MgRGF0YSBFbnJpY2htZW50LCBJbnRlcmFjdGl2ZSBWaXN1YWxpemF0aW9uLCBhbmQgS25vd2xlZGdlIERpc2NvdmVyeS4ucGRmAAAOARoAjABIAHUAIAAoADIAMAAxADQAYQApACAALQAgAEEAIABMAGkAbgBrAGUAZAAtAEQAYQB0AGEALQBEAHIAaQB2AGUAbgAgAFcAZQBiACAAUABvAHIAdABhAGwAIABmAG8AcgAgAEwAZQBhAHIAbgBpAG4AZwAgAEEAbgBhAGwAeQB0AGkAYwBzACAARABhAHQAYQAgAEUAbgByAGkAYwBoAG0AZQBuAHQALAAgAEkAbgB0AGUAcgBhAGMAdABpAHYAZQAgAFYAaQBzAHUAYQBsAGkAegBhAHQAaQBvAG4ALAAgAGEAbgBkACAASwBuAG8AdwBsAGUAZABnAGUAIABEAGkAcwBjAG8AdgBlAHIAeQAuAC4AcABkAGYADwAOAAYAUwB5AHMAdABlAG0AEgDVVXNlcnMva3ZuL0xpYnJhcnkvTW9iaWxlIERvY3VtZW50cy9jb21+YXBwbGV+Q2xvdWREb2NzL1BERiBMaWIvUGFwZXJzL0h1L0h1ICgyMDE0YSkgLSBBIExpbmtlZC1EYXRhLURyaXZlbiBXZWIgUG9ydGFsIGZvciBMZWFybmluZyBBbmFseXRpY3MgRGF0YSBFbnJpY2htZW50LCBJbnRlcmFjdGl2ZSBWaXN1YWxpemF0aW9uLCBhbmQgS25vd2xlZGdlIERpc2NvdmVyeS4ucGRmAAATAAEvAAAVAAIACv//AAAACAANABoAJAD7AAAAAAAAAgEAAAAAAAAABQAAAAAAAAAAAAAAAAAABJE=}}

@inproceedings{choudhury:2009a,
	Abstract = {The increase of personal digital cameras with video functionality and video-enabled camera phones has increased the amount of user-generated videos on the Web. People are spending more and more time viewing online videos as a major source of entertainment and ``infotainment''. Social websites allow users to assign shared free-form tags to user-generated multimedia resources, thus generating annotations for objects with a minimum amount of effort. Tagging allows communities to organise their multimedia items into browseable sets, but these tags may be poorly chosen and related tags may be omitted. Current techniques to retrieve, integrate and present this media to users are deficient and could do with improvement. In this paper, we describe a framework for semantic enrichment, ranking and integration of web video tags using Semantic Web technologies. Semantic enrichment of folksonomies can bridge the gap between the uncontrolled and flat structures typically found in user-generated content and structures provided by the Semantic Web. The enhancement of tag spaces with semantics has been accomplished through two major tasks: (1) a tag space expansion and ranking step; and (2) through concept matching and integration with the Linked Data cloud. We have explored social, temporal and spatial contexts to enrich and extend the existing tag space. The resulting semantic tag space is modelled via a local graph based on co-occurrence distances for ranking. A ranked tag list is mapped and integrated with the Linked Data cloud through the DBpedia resource repository. Multi-dimensional context filtering for tag expansion means that tag ranking is much easier and it provides less ambiguous tag to concept matching.},
	Address = {Berlin, Heidelberg},
	Author = {Choudhury, Smitashree and Breslin, John G. and Passant, Alexandre},
	Booktitle = {The Semantic Web - ISWC 2009},
	Date-Added = {2018-12-10 10:26:42 +0100},
	Date-Modified = {2019-06-12 13:02:31 +0200},
	Editor = {Bernstein, Abraham and Karger, David R. and Heath, Tom and Feigenbaum, Lee and Maynard, Diana and Motta, Enrico and Thirunarayan, Krishnaprasad},
	Isbn = {978-3-642-04930-9},
	Keywords = {linked data; enrichment},
	Pages = {747--762},
	Publisher = {Springer Berlin Heidelberg},
	Title = {Enrichment and Ranking of the YouTube Tag Space and Integration with the Linked Data Cloud},
	Year = {2009},
	Bdsk-File-1 = {YnBsaXN0MDDSAQIDBFxyZWxhdGl2ZVBhdGhZYWxpYXNEYXRhXxDBLi4vLi4vLi4vTGlicmFyeS9Nb2JpbGUgRG9jdW1lbnRzL2NvbX5hcHBsZX5DbG91ZERvY3MvUERGIExpYi9QYXBlcnMvQ2hvdWRodXJ5L0Nob3VkaHVyeSAoMjAwOWEpIC0gRW5yaWNobWVudCBhbmQgUmFua2luZyBvZiB0aGUgWW91VHViZSBUYWcgU3BhY2UgYW5kIEludGVncmF0aW9uIHdpdGggdGhlIExpbmtlZCBEYXRhIENsb3VkLnBkZk8RAz4AAAAAAz4AAgAABlN5c3RlbQAAAAAAAAAAAAAAAAAAAAAAAAAAAAAAAABCRAAB/////x9DaG91ZGh1cnkgKDIwMDlhKSAjRkZGRkZGRkYucGRmAAAAAAAAAAAAAAAAAAAAAAAAAAAAAAAAAAAAAAAAAAD/////AAAAAAAAAAAAAAAAAAMABwAACiBjdQAAAAAAAAAAAAAAAAAJQ2hvdWRodXJ5AAACAMQvOlVzZXJzOmt2bjpMaWJyYXJ5Ok1vYmlsZSBEb2N1bWVudHM6Y29tfmFwcGxlfkNsb3VkRG9jczpQREYgTGliOlBhcGVyczpDaG91ZGh1cnk6Q2hvdWRodXJ5ICgyMDA5YSkgLSBFbnJpY2htZW50IGFuZCBSYW5raW5nIG9mIHRoZSBZb3VUdWJlIFRhZyBTcGFjZSBhbmQgSW50ZWdyYXRpb24gd2l0aCB0aGUgTGlua2VkIERhdGEgQ2xvdWQucGRmAA4A5gByAEMAaABvAHUAZABoAHUAcgB5ACAAKAAyADAAMAA5AGEAKQAgAC0AIABFAG4AcgBpAGMAaABtAGUAbgB0ACAAYQBuAGQAIABSAGEAbgBrAGkAbgBnACAAbwBmACAAdABoAGUAIABZAG8AdQBUAHUAYgBlACAAVABhAGcAIABTAHAAYQBjAGUAIABhAG4AZAAgAEkAbgB0AGUAZwByAGEAdABpAG8AbgAgAHcAaQB0AGgAIAB0AGgAZQAgAEwAaQBuAGsAZQBkACAARABhAHQAYQAgAEMAbABvAHUAZAAuAHAAZABmAA8ADgAGAFMAeQBzAHQAZQBtABIAwlVzZXJzL2t2bi9MaWJyYXJ5L01vYmlsZSBEb2N1bWVudHMvY29tfmFwcGxlfkNsb3VkRG9jcy9QREYgTGliL1BhcGVycy9DaG91ZGh1cnkvQ2hvdWRodXJ5ICgyMDA5YSkgLSBFbnJpY2htZW50IGFuZCBSYW5raW5nIG9mIHRoZSBZb3VUdWJlIFRhZyBTcGFjZSBhbmQgSW50ZWdyYXRpb24gd2l0aCB0aGUgTGlua2VkIERhdGEgQ2xvdWQucGRmABMAAS8AABUAAgAK//8AAAAIAA0AGgAkAOgAAAAAAAACAQAAAAAAAAAFAAAAAAAAAAAAAAAAAAAEKg==}}

@inproceedings{hasan:2011a,
	Author = {Hasan, Souleiman and Curry, Edward and Banduk, Mauricio and O'Riain, Sean},
	Booktitle = {Proceedings of the 4th International Conference on Semantic Sensor Networks-Volume 839},
	Date-Added = {2018-12-10 10:20:02 +0100},
	Date-Modified = {2019-06-12 13:02:31 +0200},
	Keywords = {linked data; enrichment},
	Organization = {CEUR-WS. org},
	Pages = {69--82},
	Title = {Toward situation awareness for the semantic sensor web: Complex event processing with dynamic linked data enrichment},
	Year = {2011},
	Bdsk-File-1 = {YnBsaXN0MDDSAQIDBFxyZWxhdGl2ZVBhdGhZYWxpYXNEYXRhXxC7Li4vLi4vLi4vTGlicmFyeS9Nb2JpbGUgRG9jdW1lbnRzL2NvbX5hcHBsZX5DbG91ZERvY3MvUERGIExpYi9QYXBlcnMvSGFzYW4vSGFzYW4gKDIwMTFhKSAtIFRvd2FyZCBzaXR1YXRpb24gYXdhcmVuZXNzIGZvciB0aGUgc2VtYW50aWMgc2Vuc29yIHdlYiBDb21wbGV4IGV2ZW50IHByb2Nlc3Npbmcgd2l0aCBkeW5hbWljLnBkZk8RAyoAAAAAAyoAAgAABlN5c3RlbQAAAAAAAAAAAAAAAAAAAAAAAAAAAAAAAABCRAAB/////x9IYXNhbiAoMjAxMWEpIC0gVG8jRkZGRkZGRkYucGRmAAAAAAAAAAAAAAAAAAAAAAAAAAAAAAAAAAAAAAAAAAD/////AAAAAAAAAAAAAAAAAAMABwAACiBjdQAAAAAAAAAAAAAAAAAFSGFzYW4AAAIAvi86VXNlcnM6a3ZuOkxpYnJhcnk6TW9iaWxlIERvY3VtZW50czpjb21+YXBwbGV+Q2xvdWREb2NzOlBERiBMaWI6UGFwZXJzOkhhc2FuOkhhc2FuICgyMDExYSkgLSBUb3dhcmQgc2l0dWF0aW9uIGF3YXJlbmVzcyBmb3IgdGhlIHNlbWFudGljIHNlbnNvciB3ZWIgQ29tcGxleCBldmVudCBwcm9jZXNzaW5nIHdpdGggZHluYW1pYy5wZGYADgDiAHAASABhAHMAYQBuACAAKAAyADAAMQAxAGEAKQAgAC0AIABUAG8AdwBhAHIAZAAgAHMAaQB0AHUAYQB0AGkAbwBuACAAYQB3AGEAcgBlAG4AZQBzAHMAIABmAG8AcgAgAHQAaABlACAAcwBlAG0AYQBuAHQAaQBjACAAcwBlAG4AcwBvAHIAIAB3AGUAYgAgAEMAbwBtAHAAbABlAHgAIABlAHYAZQBuAHQAIABwAHIAbwBjAGUAcwBzAGkAbgBnACAAdwBpAHQAaAAgAGQAeQBuAGEAbQBpAGMALgBwAGQAZgAPAA4ABgBTAHkAcwB0AGUAbQASALxVc2Vycy9rdm4vTGlicmFyeS9Nb2JpbGUgRG9jdW1lbnRzL2NvbX5hcHBsZX5DbG91ZERvY3MvUERGIExpYi9QYXBlcnMvSGFzYW4vSGFzYW4gKDIwMTFhKSAtIFRvd2FyZCBzaXR1YXRpb24gYXdhcmVuZXNzIGZvciB0aGUgc2VtYW50aWMgc2Vuc29yIHdlYiBDb21wbGV4IGV2ZW50IHByb2Nlc3Npbmcgd2l0aCBkeW5hbWljLnBkZgATAAEvAAAVAAIACv//AAAACAANABoAJADiAAAAAAAAAgEAAAAAAAAABQAAAAAAAAAAAAAAAAAABBA=}}

@inproceedings{sherif:2015a,
	Abstract = {With the adoption of RDF across several domains, come growing requirements pertaining to the completeness and quality of RDF datasets. Currently, this problem is most commonly addressed by manually devising means of enriching an input dataset. The few tools that aim at supporting this endeavour usually focus on supporting the manual definition of enrichment pipelines. In this paper, we present a supervised learning approach based on a refinement operator for enriching RDF datasets. We show how we can use exemplary descriptions of enriched resources to generate accurate enrichment pipelines. We evaluate our approach against eight manually defined enrichment pipelines and show that our approach can learn accurate pipelines even when provided with a small number of training examples.},
	Added-At = {2018-11-29T14:29:23.000+0100},
	Author = {Sherif, {Mohamed Ahmed} and {Ngonga Ngomo}, Axel-Cyrille and Lehmann, Jens},
	Biburl = {https://www.bibsonomy.org/bibtex/2d1332ac10237bd3e3e2b89e871b029c6/aksw},
	Booktitle = {12th Extended Semantic Web Conference, Portoro{\v{z}}, Slovenia, 31st May - 4th June 2015},
	Date-Added = {2018-12-09 15:35:04 +0100},
	Date-Modified = {2019-06-12 13:02:31 +0200},
	Interhash = {1d53de0d674b92f7dff3ae46593c355f},
	Intrahash = {d1332ac10237bd3e3e2b89e871b029c6},
	Keywords = {enrichment,linked data},
	Publisher = {Springer},
	Timestamp = {2018-11-29T14:29:23.000+0100},
	Title = {Automating {RDF} Dataset Transformation and Enrichment},
	Year = 2015,
	Bdsk-File-1 = {YnBsaXN0MDDSAQIDBFxyZWxhdGl2ZVBhdGhZYWxpYXNEYXRhXxCVLi4vLi4vLi4vTGlicmFyeS9Nb2JpbGUgRG9jdW1lbnRzL2NvbX5hcHBsZX5DbG91ZERvY3MvUERGIExpYi9QYXBlcnMvU2hlcmlmL1NoZXJpZiAoMjAxNWEpIC0gQXV0b21hdGluZyBSREYgRGF0YXNldCBUcmFuc2Zvcm1hdGlvbiBhbmQgRW5yaWNobWVudC5wZGZPEQKQAAAAAAKQAAIAAAZTeXN0ZW0AAAAAAAAAAAAAAAAAAAAAAAAAAAAAAAAAQkQAAf////8fU2hlcmlmICgyMDE1YSkgLSBBI0ZGRkZGRkZGLnBkZgAAAAAAAAAAAAAAAAAAAAAAAAAAAAAAAAAAAAAAAAAA/////wAAAABQREYgAAAAAAADAAcAAAogY3UAAAAAAAAAAAAAAAAABlNoZXJpZgACAJgvOlVzZXJzOmt2bjpMaWJyYXJ5Ok1vYmlsZSBEb2N1bWVudHM6Y29tfmFwcGxlfkNsb3VkRG9jczpQREYgTGliOlBhcGVyczpTaGVyaWY6U2hlcmlmICgyMDE1YSkgLSBBdXRvbWF0aW5nIFJERiBEYXRhc2V0IFRyYW5zZm9ybWF0aW9uIGFuZCBFbnJpY2htZW50LnBkZgAOAJQASQBTAGgAZQByAGkAZgAgACgAMgAwADEANQBhACkAIAAtACAAQQB1AHQAbwBtAGEAdABpAG4AZwAgAFIARABGACAARABhAHQAYQBzAGUAdAAgAFQAcgBhAG4AcwBmAG8AcgBtAGEAdABpAG8AbgAgAGEAbgBkACAARQBuAHIAaQBjAGgAbQBlAG4AdAAuAHAAZABmAA8ADgAGAFMAeQBzAHQAZQBtABIAllVzZXJzL2t2bi9MaWJyYXJ5L01vYmlsZSBEb2N1bWVudHMvY29tfmFwcGxlfkNsb3VkRG9jcy9QREYgTGliL1BhcGVycy9TaGVyaWYvU2hlcmlmICgyMDE1YSkgLSBBdXRvbWF0aW5nIFJERiBEYXRhc2V0IFRyYW5zZm9ybWF0aW9uIGFuZCBFbnJpY2htZW50LnBkZgATAAEvAAAVAAIACv//AAAACAANABoAJAC8AAAAAAAAAgEAAAAAAAAABQAAAAAAAAAAAAAAAAAAA1A=},
	Bdsk-Url-1 = {http://svn.aksw.org/papers/2015/ESWC_DEER/public.pdf}}
